<?xml version="1.0" encoding="UTF-8"?><collection xmlns="http://www.loc.gov/MARC21/slim"><record><leader>00348nam--2200133-i-4500</leader><controlfield tag="001">000043596</controlfield><controlfield tag="002">20161230</controlfield><controlfield tag="005">20161230201044</controlfield><controlfield tag="008">060222s1000------------r-----000-0-eng-d</controlfield><datafield ind1=" " ind2=" " tag="080"><subfield code="a">515(075.8)</subfield></datafield><datafield ind1=" " ind2=" " tag="100"><subfield code="a">Tfanasescu,Aurelian</subfield></datafield><datafield ind1=" " ind2=" " tag="245"><subfield code="a">Geometrie descriptiva. probleme. ed.ja doua</subfield></datafield><datafield ind1=" " ind2=" " tag="260"><subfield code="a">Bucuresti, Ed.Did.Si Ped.,1967. 406 P</subfield></datafield><datafield ind1=" " ind2=" " tag="852"><subfield code="a">28082</subfield></datafield></record></collection>